<record><leader>00000cas a22000007a 4500</leader><controlfield tag="001">19766628</controlfield><controlfield tag="008">890525d19001902coudr ne      0    0eng d</controlfield><datafield ind1=" " ind2=" " tag="010"><subfield code="a">sn 89052166 </subfield></datafield><datafield ind1=" " ind2=" " tag="040"><subfield code="a">CNQ</subfield><subfield code="b">eng</subfield><subfield code="c">CNQ</subfield><subfield code="d">OCLCQ</subfield></datafield><datafield ind1=" " ind2=" " tag="042"><subfield code="a">msc</subfield></datafield><datafield ind1="0" ind2="4" tag="245"><subfield code="a">The morning times =</subfield><subfield code="b">citizen.</subfield></datafield><datafield ind1="3" ind2="0" tag="246"><subfield code="a">Morning times citizen</subfield></datafield><datafield ind1=" " ind2=" " tag="260"><subfield code="a">Cripple Creek, Colo. :</subfield><subfield code="b">Morning Times Pub. Co.</subfield></datafield><datafield ind1=" " ind2=" " tag="300"><subfield code="a">v.</subfield></datafield><datafield ind1=" " ind2=" " tag="310"><subfield code="a">Daily</subfield></datafield><datafield ind1="0" ind2=" " tag="362"><subfield code="a">Morning times, vol. 9, no. 67 (Feb. 20, 1900) = Evening citizen, v. 3, no. 830-</subfield></datafield><datafield ind1="1" ind2=" " tag="362"><subfield code="a">Ceased with Mar. 31, 1902 issue?</subfield></datafield><datafield ind1=" " ind2=" " tag="530"><subfield code="a">Available on microfilm from the Colorado Historical Society.</subfield></datafield><datafield ind1=" " ind2=" " tag="580"><subfield code="a">Weekly editions: Weekly Cripple Creek times, 1900-1901, and: Cripple Creek times (Cripple Creek, Colo. : 1901), 1901-1902.</subfield></datafield><datafield ind1=" " ind2=" " tag="752"><subfield code="a">United States</subfield><subfield code="b">Colorado</subfield><subfield code="c">Teller</subfield><subfield code="d">Cripple Creek.</subfield></datafield><datafield ind1="1" ind2=" " tag="775"><subfield code="t">Weekly Cripple Creek times</subfield><subfield code="w">(DLC)sn 89052159</subfield></datafield><datafield ind1="1" ind2=" " tag="775"><subfield code="t">Cripple Creek times (Cripple Creek, Colo. : 1901)</subfield><subfield code="w">(DLC)sn 89052160</subfield></datafield><datafield ind1="0" ind2="7" tag="780"><subfield code="t">Morning times (Cripple Creek, Colo.)</subfield><subfield code="w">(DLC)sn 89052165</subfield></datafield><datafield ind1="0" ind2="7" tag="780"><subfield code="t">Evening citizen</subfield></datafield><datafield ind1="0" ind2="0" tag="785"><subfield code="t">Cripple Creek times</subfield><subfield code="w">(DLC)sn 86081911</subfield></datafield><datafield ind1="1" ind2=" " tag="029"><subfield code="a">AU@</subfield><subfield code="b">000023089499</subfield></datafield></record>